{
  "Sheet1": [
    {
      "quarter": "Q1-2021",
      "revenue": 21526220.252
    },
    {
      "quarter": "Q2-2021",
      "revenue": 21636279.576
    },
    {
      "quarter": "Q3-2021",
      "revenue": 22411534.687
    },
    {
      "quarter": "Q4-2021",
      "revenue": 24509170.210999995
    },
    {
      "quarter": "Q1-2022",
      "revenue": 28234953.013
    },
    {
      "quarter": "Q2-2022",
      "revenue": 46587655.774
    },
    {
      "quarter": "Q3-2022",
      "revenue": 41263437.736
    },
    {
      "quarter": "Q4-2022",
      "revenue": 40088095.142
    }
  ]
}